@ARTICLE{kellylaplaza,
  author = {Kelly, M. and Laplaza, M. L. },
  title = {Coherence for compact closed categories},
  journal = {Journal of Pure and Applied Algebra},
  year = {1980},
  volume = {19},
  pages = {193â€“213},
  fjournal = {Journal of Pure and Applied Algebra}
}

@article{chk:cqchannel,
  title={Categories of quantum and classical channels},
  author={Coecke, Bob and Heunen, Chris and Kissinger, Aleks},
  journal={Quantum Information Processing},
  volume={15},
  number={12},
  pages={5179--5209},
  year={2016},
  publisher={Springer}
}

@article{myers2016string,
  title={String Diagrams For Double Categories and Equipments},
  author={Myers, David Jaz},
  journal={arXiv preprint arXiv:1612.02762},
  year={2016}
}

@article{selinger2007dagger,
  title={Dagger compact closed categories and completely positive maps},
  author={Selinger, Peter},
  journal={Electronic Notes in Theoretical computer science},
  volume={170},
  pages={139--163},
  year={2007},
  publisher={Elsevier}
}

@article{baez,
  title={Higher-dimensional algebra II. 2-Hilbert spaces},
  author={Baez, John C},
  journal={Advances in Mathematics},
  volume={127},
  number={2},
  pages={125--189},
  year={1997},
  publisher={Elsevier}
}
  
@inproceedings{kapranov562,
  title={2-categories and Zamolodchikov tetrahedra equations. Algebraic groups and their generalizations: quantum and infinite-dimensional methods (University Park, PA, 1991), 177--259},
  author={Kapranov, MM and Voevodsky, VA},
  booktitle={Proc. Sympos. Pure Math},
  volume={56}
}

@article{baez2004higher,
  title={Higher-dimensional algebra VI: Lie 2-algebras},
  author={Baez, John C and Crans, Alissa S},
  journal={Theory Appl. Categ},
  volume={12},
  number={15},
  pages={492--528},
  year={2004}
}

@Unpublished{selinger,
  author = {Selinger, P.},
  title = {A survey of graphical languages for monoidal categories},
  year = {2009},
  note= {arXiv:0908.334}
}


@Unpublished{dh:intbicats,
  author = 	 {Christopher L. Douglas and Andr\'e G. Henriques},
  title = 	 {Internal bicategories},
  year = 	 {2012},
  note = 	 {arXiv:1206.4284}}

@ARTICLE{gps:tricats,
  author = {Gordon, R. and Power, A. J. and Street, Ross},
  title = {Coherence for tricategories},
  journal = {Mem. Amer. Math. Soc.},
  year = {1995},
  volume = {117},
  pages = {vi+81},
  number = {558},
  coden = {MAMCAU},
  fjournal = {Memoirs of the American Mathematical Society},
  issn = {0065-9266},
  mrclass = {18D05},
  mrnumber = {MR1261589 (96j:18002)}
}

@PHDTHESIS{nick:tricats,
  author = {Nick Gurski},
  title = {An algebraic theory of tricategories},
  school = {University of Chicago},
  year = {2006},
  note = {Available online at \url{http://www.math.yale.edu/~mg622/tricats.pdf}}
}

@BOOK{nick:tricatsbook,
  author = {Nick Gurski},
  title = {Coherence in Three-Dimensional Category Theory},
  publisher = {Cambridge University Press},
  school = {University of Sheffield},
  year = {2013},
  note = {}
}

@INCOLLECTION{kv:2cat-zam,
  author = {Kapranov, M. M. and Voevodsky, V. A.},
  title = {{$2$}-categories and {Z}amolodchikov tetrahedra equations},
  booktitle = {Algebraic groups and their generalizations: quantum and infinite-dimensional
	methods ({U}niversity {P}ark, {PA}, 1991)},
  publisher = {Amer. Math. Soc.},
  year = {1994},
  volume = {56},
  series = {Proc. Sympos. Pure Math.},
  pages = {177--259},
  address = {Providence, RI},
  mrclass = {18D05 (17B37 81R50)},
  mrnumber = {MR1278735 (95f:18011)},
  mrreviewer = {R. H. Street}
}

@ARTICLE{kv:bm2cat,
  author = {Kapranov, M. and Voevodsky, V.},
  title = {Braided monoidal {$2$}-categories and {M}anin-{S}chechtman higher
	braid groups},
  journal = {J. Pure Appl. Algebra},
  year = {1994},
  volume = {92},
  pages = {241--267},
  number = {3},
  coden = {JPAAA2},
  fjournal = {Journal of Pure and Applied Algebra},
  issn = {0022-4049},
  mrclass = {18D05 (20F36 57M05)},
  mrnumber = {MR1266348 (95a:18006)},
  mrreviewer = {J. Stasheff}
}

@ARTICLE{bn:hda-i,
  author = {Baez, John C. and Neuchl, Martin},
  title = {Higher-dimensional algebra. {I}. {B}raided monoidal {$2$}-categories},
  journal = {Adv. Math.},
  year = {1996},
  volume = {121},
  pages = {196--244},
  number = {2},
  coden = {ADMTA4},
  fjournal = {Advances in Mathematics},
  issn = {0001-8708},
  mrclass = {18D05 (18D20 58D29 81T99)},
  mrnumber = {MR1402727 (97h:18009)},
  mrreviewer = {Pilar C. Carrasco}
}

@ARTICLE{ds:monbi-hopfagbd,
  author = {Day, Brian and Street, Ross},
  title = {Monoidal bicategories and {H}opf algebroids},
  journal = {Adv. Math.},
  year = {1997},
  volume = {129},
  pages = {99--157},
  number = {1},
  coden = {ADMTA4},
  fjournal = {Advances in Mathematics},
  issn = {0001-8708},
  mrclass = {18D10 (16W30)},
  mrnumber = {MR1458415 (99f:18013)},
  mrreviewer = {Graham J. Ellis}
}

@ARTICLE{crans:centers,
  author = {Crans, Sjoerd E.},
  title = {Generalized centers of braided and sylleptic monoidal {$2$}-categories},
  journal = {Adv. Math.},
  year = {1998},
  volume = {136},
  pages = {183--223},
  number = {2},
  coden = {ADMTA4},
  fjournal = {Advances in Mathematics},
  issn = {0001-8708},
  mrclass = {18D05 (18D20)},
  mrnumber = {MR1626844 (99j:18006)},
  mrreviewer = {Pilar C. Carrasco}
}

@ARTICLE{mccrudden:bal-coalgb,
  author = {McCrudden, Paddy},
  title = {Balanced coalgebroids},
  journal = {Theory Appl. Categ.},
  year = {2000},
  volume = {7},
  pages = {No. 6, 71--147 (electronic)},
  fjournal = {Theory and Applications of Categories},
  issn = {1201-561X},
  mrclass = {18D10 (81R50)},
  mrnumber = {MR1764504 (2001f:18018)},
  mrreviewer = {R. H. Street}
}

@UNPUBLISHED{gurski:brmonbicat,
  author = {Nick Gurski},
  title = {Loop spaces and coherence for monoidal and braided monoidal bicategories},
  note = {To appear in Adv. Math.},
  arxiv = 	 {1102.0981}
}

@PHDTHESIS{sp:thesis,
  author = {Chris Schommer-Pries},
  title = {The classification of two-dimensional extended topological field
	theories},
  school = {University of California, Berkeley},
  year = {2009}
}

@Article{shulman:frbi,
  author =       {Michael Shulman},
  title =        {Framed bicategories and monoidal fibrations},
  journal =      {Theory and Applications of Categories},
  year =         2008,
  volume =    20,
  number =    18,
  pages =     {650--738 (electronic)},
  note =       {arXiv:0706.1286}}
  
  @Article{shulman:psalg,
  author =       {Michael Shulman},
  title =        {Not every Pseudo Algebra is Equivalent to a Strict One},
  journal =      {Advances in Mathematics},
  year =         2010,
  volume =    229,
  number =    3,
  pages =     {2024--2041},
  note =       {arXiv:1005.1520}}


@ARTICLE{gg:ldstr-tricat,
  author = {Garner, Richard and Gurski, Nick},
  title = {The low-dimensional structures formed by tricategories},
  journal = {Math. Proc. Cambridge Philos. Soc.},
  year = {2009},
  volume = {146},
  pages = {551--589},
  number = {3},
  coden = {MPCPCO},
  doi = {10.1017/S0305004108002132},
  fjournal = {Mathematical Proceedings of the Cambridge Philosophical Society},
  issn = {0305-0041},
  mrclass = {18Dxx},
  mrnumber = {MR2496344},
  url = {http://dx.doi.org/10.1017/S0305004108002132}
}

@article{ls:limlax,
title = "Enhanced 2-categories and limits for lax morphisms",
journal = "Advances in Mathematics",
volume = "229",
number = "1",
pages = "294--356",
year = "2012",
note = "arXiv:1104.2111",
issn = "0001-8708",
doi = "10.1016/j.aim.2011.08.014",
url = "http://www.sciencedirect.com/science/article/pii/S000187081100315X",
author = "Stephen Lack and Michael Shulman",
}

@MISC{douglas:tfttalk,
  author = {Chris Douglas},
  title = {2-dimensional algebra and quantum {C}hern-{S}imons field theory},
  howpublished = {Talk at Conference on Topological Field Theories and Related Geometry
	and Topology, Northwestern University},
  month = {May},
  year = {2009}
}

@ARTICLE{lurie:tft,
  author = {Jacob Lurie},
  title = {On the Classification of Topological Field Theories},
  year = {2009},
  month = {may},
  abstract = {This paper provides an informal sketch of a proof of the Baez-Dolan
	cobordism hypothesis, which provides a classification for extended
	topological quantum field theories.},
  comments = {111 pages},
  eprint = {0905.0465},
  oai2identifier = {0905.0465},
  reportno = {AIM 2009-24}
}

@ARTICLE{ehresmann:cat-str,
  author = {Ehresmann, Charles},
  title = {Cat\'egories structur\'ees},
  journal = {Ann. Sci. \'Ecole Norm. Sup. (3)},
  year = {1963},
  volume = {80},
  pages = {349--426},
  mrclass = {18.10},
  mrnumber = {MR0197529 (33 \#5694)},
  mrreviewer = {P. J. Hilton}
}

@INPROCEEDINGS{ks:r2cats,
  author = {G. M. Kelly and Ross Street},
  title = {Review of the elements of $2$-categories},
  booktitle = {Category Seminar (Proc. Sem., Sydney, 1972/1973)},
  year = {1974},
  volume = {420},
  series = {Lecture Notes in Math.},
  pages = {75--103},
  publisher = {Springer, Berlin}
}

@ARTICLE{multi_funct_i,
  author = {A. Bastiani and C. Ehresmann},
  title = {Multiple Functors {I}. {L}imits Relative to Double Categories},
  journal = {Cahiers de Topologie et Geometrie Differentielle Categoriques},
  year = {1974},
  volume = {15},
  pages = {215--292}
}

@ARTICLE{gp:double-adjoints,
  author = {Grandis, Marco and Pare, Robert},
  title = {Adjoints for double categories.},
  journal = {Cah. Topol. G\'eom. Diff\'er. Cat\'eg.},
  year = {2004},
  volume = {45},
  pages = {193--240},
  number = {3},
  fjournal = {Cahiers de Topologie et G\'eom\'etrie Diff\'erentielle Cat\'egoriques},
  issn = {1245-530X},
  mrclass = {18A40 (18D05)},
  mrnumber = {MR2090335 (2005g:18005)}
}

@ARTICLE{gp:double-limits,
  author = {Marco Grandis and Robert Pare},
  title = {Limits in Double Categories},
  journal = {Cahiers Topologie G\'eom. Diff\'erentielle Cat\'eg.},
  year = {1999},
  volume = {XL},
  pages = {162--220},
  number = {3}
}

@BOOK{maclane,
  title = {Categories For the Working Mathematician},
  publisher = {Springer},
  year = {1998},
  author = {Mac Lane, Saunders},
  volume = {5},
  series = {Graduate Texts in Mathematics},
  edition = {Second}
}

@PHDTHESIS{verity:base-change,
  author = {Dominic Verity},
  title = {Enriched categories, internal categories, and change of base},
  school = {University of Cambridge},
  year = {1992},
  month = {April},
  note = {Macquarie Mathematics Report No. 93-123}
}

@ARTICLE{batanin:monglob,
  author = {Batanin, M. A.},
  title = {Monoidal globular categories as a natural environment for the theory
	of weak {$n$}-categories},
  journal = {Adv. Math.},
  year = {1998},
  volume = {136},
  pages = {39--103},
  number = {1},
  coden = {ADMTA4},
  fjournal = {Advances in Mathematics},
  issn = {0001-8708},
  mrclass = {18D05 (55P15)},
  mrnumber = {MR1623672 (99f:18010)},
  mrreviewer = {R. H. Street}
}

@ARTICLE{cw:cart-bicats-i,
  author = {Carboni, A. and Walters, R.F.C.},
  title = {Cartesian bicategories. {I}},
  journal = {J. Pure Appl. Algebra},
  year = {1987},
  volume = {49},
  pages = {11--32},
  number = {1-2},
  coden = {JPAAA2},
  fjournal = {Journal of Pure and Applied Algebra},
  issn = {0022-4049},
  mrclass = {18D05 (18D20)},
  mrnumber = {MR920513 (88k:18009)},
  mrreviewer = {R. H. Street}
}

@ARTICLE{ckww:cartbicats-ii,
  author = {A. Carboni and G.M. Kelly and R.F.C. Walters and R.J. Wood},
  title = {Cartesian Bicategories {II}},
  journal = {Theory Appl. Categ.},
  year = {2008},
  volume = {19},
  pages = {93--124},
  number = {6}
}

@Article{dpp:spans,
  author = 	 {Dawson, R. and Pare, R. and Pronk, D. A.},
  title = 	 {The Span construction},
  journal = 	 {Theory Appl. Categ.},
  year = 	 2010,
  volume = 	 24,
  pages = 	 {302--377 (electronic)},
  fjournal = {Theory and Applications of Categories},
  issn = {1201-561X},
}

@ARTICLE{bs:dblgpd-xedmod,
  author = {Brown, Ronald and Spencer, Christopher B.},
  title = {Double groupoids and crossed modules},
  journal = {Cahiers Topologie G\'eom. Diff\'erentielle},
  year = {1976},
  volume = {17},
  pages = {343--362},
  number = {4},
  fjournal = {Cahiers de Topologie et G\'eom\'etrie Diff\'erentielle Cat\'egoriques},
  issn = {0008-0004},
  mrclass = {55J99 (18D05)},
  mrnumber = {MR0440553 (55 \#13427)}
}

@ARTICLE{bm:dbl-thin-conn,
  author = {Brown, Ronald and Mosa, Ghafar H.},
  title = {Double categories, {$2$}-categories, thin structures and connections},
  journal = {Theory Appl. Categ.},
  year = {1999},
  volume = {5},
  pages = {No. 7, 163--175 (electronic)},
  fjournal = {Theory and Applications of Categories},
  issn = {1201-561X},
  mrclass = {18D05},
  mrnumber = {MR1694653 (2000f:18007)},
  mrreviewer = {R. H. Street}
}

@ARTICLE{fiore:pscat,
  author = {Fiore, Thomas M.},
  title = {Pseudo algebras and pseudo double categories},
  journal = {J. Homotopy Relat. Struct.},
  year = {2007},
  volume = {2},
  pages = {119--170},
  number = {2},
  eprint = {arXiv:math.CT/0608760},
  fjournal = {Journal of Homotopy and Related Structures},
  mrclass = {18D05 (18C10)},
  mrnumber = {MR2369164 (2009b:18007)},
  mrreviewer = {Stephen Lack}
}

@ARTICLE{lack:htpy-2monads,
  author = {Lack, Stephen},
  title = {Homotopy-theoretic aspects of 2-monads},
  journal = {J. Homotopy Relat. Struct.},
  year = {2007},
  volume = {2},
  pages = {229--260},
  number = {2},
  fjournal = {Journal of Homotopy and Related Structures},
  mrclass = {18D05 (18C15 18G55)},
  mrnumber = {MR2369168 (2008m:18006)},
  mrreviewer = {R. H. Street}
}

@INCOLLECTION{street:fib-yoneda-2cat,
  author = {Street, Ross},
  title = {Fibrations and {Y}oneda's lemma in a {$2$}-category},
  booktitle = {Category Seminar (Proc. Sem., Sydney, 1972/1973)},
  publisher = {Springer},
  year = {1974},
  pages = {104--133. Lecture Notes in Math., Vol. 420},
  address = {Berlin},
  mrclass = {18D05},
  mrnumber = {MR0396723 (53 \#585)},
  mrreviewer = {A. Pultr}
}

@ARTICLE{fpp:model-dbl,
  author = {Fiore, Thomas M. and Paoli, Simona and Pronk, Dorette},
  title = {Model structures on the category of small double categories},
  journal = {Algebr. Geom. Topol.},
  year = {2008},
  volume = {8},
  pages = {1855--1959},
  number = {4},
  doi = {10.2140/agt.2008.8.1855},
  fjournal = {Algebraic \& Geometric Topology},
  issn = {1472-2747},
  mrclass = {18D05 (18C20 18G55 55U10)},
  mrnumber = {MR2449004 (2009g:18008)},
  mrreviewer = {Julia Bergner},
  url = {http://dx.doi.org/10.2140/agt.2008.8.1855}
}

@INCOLLECTION{kelly:doc-adjn,
  author = {Kelly, G. M.},
  title = {Doctrinal adjunction},
  booktitle = {Category Seminar (Proc. Sem., Sydney, 1972/1973)},
  publisher = {Springer},
  year = {1974},
  pages = {257--280. Lecture Notes in Math., Vol. 420},
  address = {Berlin},
  mrclass = {18D99},
  mrnumber = {MR0360749 (50 \#13196)},
  mrreviewer = {A. Shafaat}
}

@ARTICLE{lack:icons,
  author = {Stephen Lack},
  title = {Icons},
  journal = {Appl. Categ. Structures},
  year = {2010},
  volume = {18},
  pages = {289--307},
  number = {3},
  note = {arXiv:0711.4657},
  comments = {23 pages},
  eprint = {0711.4657},
  oai2identifier = {0711.4657}
}

@Article{shulman:dblderived,
  author = 	 {Michael Shulman},
  title = 	 {Comparing composites of left and right derived functors},
  journal = 	 {New York Journal of Mathematics},
  year = 	 2011,
  volume = 	 17,
  pages = 	 {75--125},
  note =       {arXiv:0706.2868}}

@UNPUBLISHED{bdh:confnets-i,
  author = {Arthur Bartels and Christopher L. Douglas and Andr\'e Henriques},
  title = {Conformal nets {I}: symmetric monoidal 3-categories},
  note = {Preprint},
  year = {2009}
}

@ARTICLE{heunenvicarywester,
  author = {Heunen, C. and Vicary, J. and Wester, L.},
  title = {Mixed quantum states in higher categories},
  journal = {EPTCS},
  year = {2014},
  volume = {172},
  pages = {304-315},
  fjournal = {Electronic Proceedings in Theoretical Computer Science}
}

@Unpublished{gp:intercategories-i,
  author = 	 {Marco Grandis and Robert Par\'{e}},
  title = 	 {Intercategories I: The basic theory},
  note = 	 {arXiv:1412.0144},
  year = 	 2014}

@Unpublished{gp:intercategories-ii,
  author = 	 {Marco Grandis and Robert Par\'{e}},
  title = 	 {Intercategories II: Examples},
  note = 	 {arXiv:1412.0212},
  year = 	 2014}

@Article{carquevillerunkel,
	author = {Carqueville, N. and Runkel, I.},
	title = {Orbifold completion of defect bicategories},
	journal = {Hamburger BeitrÂ¨age zur Mathematik},
	fjournal = {Hamburger BeitrÂ¨age zur Mathematik},
	year = 2014,
	volume = 453,
	pages = {304-315}
}

@Unpublished{bms,
  author = {Barrett, John W. and Meusburger, Catherine  and Schaumann, Gregor },
  title = {Gray categories with duals and their diagrams},
  year = {2013},
}

@Unpublished{shulman:smbicat,
  author = 	 {Michael Shulman},
  title = 	 {Constructing symmetric monoidal bicategories},
  year = 	 {2010},
  note = 	 {arXiv:1004.0993}}

@ARTICLE{wood:proarrows-i,
  author = {Wood, R.~J.},
  title = {Abstract proarrows. {I}},
  journal = {Cahiers Topologie G\'eom. Diff\'erentielle},
  year = {1982},
  volume = {23},
  pages = {279--290},
  number = {3},
  coden = {CTGDBR},
  fjournal = {Cahiers de Topologie et G\'eom\'etrie Diff\'erentielle},
  issn = {0008-0004},
  mrclass = {18D05 (18D20)},
  mrnumber = {MR675339 (84g:18022)},
  mrreviewer = {R. H. Street}
}

@Unpublished{westerthesis,
  author = 	 {Linde Wester},
  title = 	 {Categorical Models for Quantum Computing},
  year = 	 {2013},
  note = 	 {MSc. Thesis}
}

@article{vicary,
  title={Categorical formulation of finite-dimensional quantum algebras},
  author={Vicary, Jamie},
  journal={Communications in Mathematical Physics},
  volume={304},
  number={3},
  pages={765--796},
  year={2011},
  publisher={Springer}
}

@Article{cs:multicats,
  author = 	 {G.S.H. Cruttwell and Michael Shulman},
  title = 	 {A unified framework for generalized multicategories},
  journal = 	 {Theory Appl. Categ.},
  year = 	 2010,
  volume = 	 24,
  pages = 	 {580--655},
  note = 	 {arXiv:0907.2460}}

@Unpublished{aleiferi2018cartesian,
	author = 			 {Evangelia Aleiferi},
	title = 			 {Cartesian Double Categories with an Emphasis on Characterizing Spans},
	note = 				 {arXiv:1809.06940},
	year = 		 2018}

@unpublished{bc:markov,
Author = {John C. Baez and Kenny Courser},
Title = {Coarse-Graining Open Markov Processes},
Year = {2017},
note = {arXiv:1710.11343},
}
